@inproceedings{chen2002setuid,
  title={Setuid Demystified.},
  author={Chen, Hao and Wagner, David and Dean, Drew}
}